<?xml version="1.0" encoding="UTF-8"?><collection xmlns="http://www.loc.gov/MARC21/slim"><record><leader>00454nam--2200181-u-4500</leader><controlfield tag="001">000056735</controlfield><controlfield tag="002">20181212</controlfield><controlfield tag="005">20181212025029</controlfield><controlfield tag="008">181212s1000------------r-----000-0-rum-d</controlfield><datafield ind1=" " ind2=" " tag="040"><subfield code="a">IFIN-HH</subfield></datafield><datafield ind1="1" ind2=" " tag="041"><subfield code="a">rum</subfield></datafield><datafield ind1="1" ind2=" " tag="100"><subfield code="a">Lazar, Dragos</subfield></datafield><datafield ind1="1" ind2="0" tag="245"><subfield code="a">Principiile mecanicii analitice</subfield><subfield code="c">Lazar Dragos</subfield></datafield><datafield ind1=" " ind2=" " tag="260"><subfield code="a">Bucuresti</subfield><subfield code="b">Editura Tehnica</subfield><subfield code="c">s.a</subfield></datafield><datafield ind1=" " ind2=" " tag="300"><subfield code="a">420 p</subfield></datafield><datafield ind1=" " ind2=" " tag="500"><subfield code="a">Donatie Ioan Ursu</subfield></datafield><datafield ind1=" " ind2=" " tag="852"><subfield code="a">82488</subfield><subfield code="c">I.U</subfield></datafield><datafield ind1=" " ind2=" " tag="CAT"><subfield code="a">SYS</subfield><subfield code="c">20181212</subfield><subfield code="h">025029</subfield></datafield></record></collection>